<?xml version="1.0" encoding="UTF-8"?><collection xmlns="http://www.loc.gov/MARC21/slim"><record><leader>00649nam--2200205-u-4500</leader><controlfield tag="001">000052363</controlfield><controlfield tag="002">20161230</controlfield><controlfield tag="005">20161230201050</controlfield><controlfield tag="008">100624s1000------------r-----000-0-rum-d</controlfield><datafield ind1=" " ind2=" " tag="040"><subfield code="a">IFIN-HH</subfield></datafield><datafield ind1=" " ind2=" " tag="041"><subfield code="a">rum</subfield></datafield><datafield ind1=" " ind2=" " tag="080"><subfield code="a">534(076):531(076)</subfield></datafield><datafield ind1="1" ind2=" " tag="100"><subfield code="a">Druica-zeletin, Ioan</subfield></datafield><datafield ind1="1" ind2="0" tag="245"><subfield code="a">Probleme de mecanica si acustica</subfield><subfield code="b">Pentru examenele de bacalaureat si admitere in invatamantul superior</subfield><subfield code="c">Ioan Druica-Zeletin, Armand Popescu</subfield></datafield><datafield ind1=" " ind2=" " tag="260"><subfield code="a">Bucuresti</subfield><subfield code="b">Editura Tehnica</subfield><subfield code="c">1977</subfield></datafield><datafield ind1=" " ind2=" " tag="300"><subfield code="a">383 p</subfield></datafield><datafield ind1=" " ind2=" " tag="490"><subfield code="a">Culegeri de probleme de matematica si fizica</subfield></datafield><datafield ind1="1" ind2=" " tag="700"><subfield code="a">Popescu, Armand</subfield></datafield><datafield ind1=" " ind2=" " tag="852"><subfield code="a">40903</subfield><subfield code="c">531</subfield></datafield><datafield ind1=" " ind2=" " tag="CAT"><subfield code="a">Sys</subfield><subfield code="c">20100624</subfield><subfield code="h">133524</subfield></datafield></record></collection>